
@misc{cdc_heart_2022,
	title = {Heart {Disease} {Facts} {\textbar} cdc.gov},
	url = {https://www.cdc.gov/heartdisease/facts.htm},
	abstract = {Learn facts about how race, ethnicity, age, and other risk factors can contribute to heart disease risk.},
	language = {en-us},
	urldate = {2023-02-23},
	journal = {Centers for Disease Control and Prevention},
	author = {{CDC}},
	month = oct,
	year = {2022},
}

@misc{noauthor_heart_nodate,
	title = {Heart {Disease} {UCI}},
	url = {https://www.kaggle.com/datasets/hartman/heart-disease-uci},
	abstract = {Heart Disease dataset from the UCI Machine Learning Repository},
	language = {en},
	urldate = {2023-02-23},
}
